%% This BibTeX bibliography file was created using BibDesk.
%% http://bibdesk.sourceforge.net/


%% Created for Spencer Smith at 2018-06-19 11:47:55 -0400 


%% Saved with string encoding Unicode (UTF-8) 



@book{GhezziEtAl2003,
	Address = {Upper Saddle River, NJ, USA},
	Author = {Carlo Ghezzi and Mehdi Jazayeri and Dino Mandrioli},
	Date-Added = {2018-06-19 15:47:54 +0000},
	Date-Modified = {2018-06-19 15:47:54 +0000},
	Edition = {2nd},
	Keywords = {software engineering},
	Publisher = {Prentice Hall},
	Title = {Fundamentals of Software Engineering},
	Year = {2003}}

@book{HoffmanAndStrooper1995,
	Address = {New York, NY, USA},
	Author = {Daniel M. Hoffman and Paul A. Strooper},
	Date-Added = {2018-06-19 15:47:46 +0000},
	Date-Modified = {2018-06-19 15:47:46 +0000},
	Local-Url = {file://localhost/Users/smiths/LongTermArchives/Work/Research/References/SoftwareEngineering/software-design-automated-testing.pdf},
	Publisher = {International Thomson Computer Press},
	Title = {Software Design, Automated Testing, and Maintenance: A Practical Approach},
	Url = {http:// citeseer.ist.psu.edu/428727.html},
	Year = {1995},
	Bdsk-File-1 = {YnBsaXN0MDDUAQIDBAUGJCVYJHZlcnNpb25YJG9iamVjdHNZJGFyY2hpdmVyVCR0b3ASAAGGoKgHCBMUFRYaIVUkbnVsbNMJCgsMDxJXTlMua2V5c1pOUy5vYmplY3RzViRjbGFzc6INDoACgAOiEBGABIAFgAdccmVsYXRpdmVQYXRoWWFsaWFzRGF0YV8QQi4uLy4uLy4uLy4uLy4uL1dvcmsvUmVzZWFyY2gvUmVmZXJlbmNlcy9Ib2ZmbWFuQW5kU3Ryb29wZXIxOTk1LnBkZtIXCxgZV05TLmRhdGFPEQGWAAAAAAGWAAIAAAxNYWNpbnRvc2ggSEQAAAAAAAAAAAAAAAAAAAAAAAAAQkQAAf////8aSG9mZm1hbkFuZFN0cm9vcGVyMTk5NS5wZGYAAAAAAAAAAAAAAAAAAAAAAAAAAAAAAAAAAAAAAAAAAAAAAAAA/////wAAAABQREYgQ0FSTwAFAAQAAAogY3UAAAAAAAAAAAAAAAAAClJlZmVyZW5jZXMAAgBCLzpVc2VyczpzbWl0aHM6V29yazpSZXNlYXJjaDpSZWZlcmVuY2VzOkhvZmZtYW5BbmRTdHJvb3BlcjE5OTUucGRmAA4ANgAaAEgAbwBmAGYAbQBhAG4AQQBuAGQAUwB0AHIAbwBvAHAAZQByADEAOQA5ADUALgBwAGQAZgAPABoADABNAGEAYwBpAG4AdABvAHMAaAAgAEgARAASAEBVc2Vycy9zbWl0aHMvV29yay9SZXNlYXJjaC9SZWZlcmVuY2VzL0hvZmZtYW5BbmRTdHJvb3BlcjE5OTUucGRmABMAAS8AABUAAgAN//8AAIAG0hscHR5aJGNsYXNzbmFtZVgkY2xhc3Nlc11OU011dGFibGVEYXRhox0fIFZOU0RhdGFYTlNPYmplY3TSGxwiI1xOU0RpY3Rpb25hcnmiIiBfEA9OU0tleWVkQXJjaGl2ZXLRJidUcm9vdIABAAgAEQAaACMALQAyADcAQABGAE0AVQBgAGcAagBsAG4AcQBzAHUAdwCEAI4A0wDYAOACegJ8AoECjAKVAqMCpwKuArcCvALJAswC3gLhAuYAAAAAAAACAQAAAAAAAAAoAAAAAAAAAAAAAAAAAAAC6A==},
	Bdsk-Url-1 = {http://%20citeseer.ist.psu.edu/428727.html}}

@inproceedings{Parnas1978,
	Address = {Piscataway, NJ, USA},
	Author = {David L. Parnas},
	Booktitle = {ICSE '78: Proceedings of the 3rd international conference on Software engineering},
	Date-Added = {2015-04-23 14:33:48 +0000},
	Date-Modified = {2015-04-23 14:33:48 +0000},
	Isbn = {none},
	Location = {Atlanta, Georgia, United States},
	Pages = {264--277},
	Publisher = {IEEE Press},
	Title = {Designing Software for Ease of Extension and Contraction},
	Year = {1978}}

@article{WilsonEtAl2013,
	Author = {Greg Wilson and D.A. Aruliah and C. Titus Brown and Neil P. Chue Hong and Matt Davis and Richard T. Guy and Steven H.D. Haddock and Kathryn D. Huff and Ian M. Mitchell and Mark D. Plumblet and Ben Waugh and Ethan P. White and Paul Wilson},
	Bibsource = {DBLP, http://dblp.uni-trier.de},
	Date-Added = {2015-04-16 14:58:31 +0000},
	Date-Modified = {2015-04-16 14:58:31 +0000},
	Ee = {http://arxiv.org/abs/1210.0530},
	Journal = {CoRR},
	Title = {Best Practices for Scientific Computing},
	Volume = {abs/1210.0530},
	Year = {2013},
	Bdsk-File-1 = {YnBsaXN0MDDUAQIDBAUGJCVYJHZlcnNpb25YJG9iamVjdHNZJGFyY2hpdmVyVCR0b3ASAAGGoKgHCBMUFRYaIVUkbnVsbNMJCgsMDxJXTlMua2V5c1pOUy5vYmplY3RzViRjbGFzc6INDoACgAOiEBGABIAFgAdccmVsYXRpdmVQYXRoWWFsaWFzRGF0YV8QOi4uLy4uLy4uLy4uLy4uL1dvcmsvUmVzZWFyY2gvUmVmZXJlbmNlcy9XaWxzb25FdEFsMjAxMy5wZGbSFwsYGVdOUy5kYXRhTxEBdgAAAAABdgACAAAMTWFjaW50b3NoIEhEAAAAAAAAAAAAAAAAAAAAAAAAAEJEAAH/////EldpbHNvbkV0QWwyMDEzLnBkZgAAAAAAAAAAAAAAAAAAAAAAAAAAAAAAAAAAAAAAAAAAAAAAAAAAAAAAAAAAAP////8AAAAAAAAAAAAAAAAABQAEAAAKIGN1AAAAAAAAAAAAAAAAAApSZWZlcmVuY2VzAAIAOi86VXNlcnM6c21pdGhzOldvcms6UmVzZWFyY2g6UmVmZXJlbmNlczpXaWxzb25FdEFsMjAxMy5wZGYADgAmABIAVwBpAGwAcwBvAG4ARQB0AEEAbAAyADAAMQAzAC4AcABkAGYADwAaAAwATQBhAGMAaQBuAHQAbwBzAGgAIABIAEQAEgA4VXNlcnMvc21pdGhzL1dvcmsvUmVzZWFyY2gvUmVmZXJlbmNlcy9XaWxzb25FdEFsMjAxMy5wZGYAEwABLwAAFQACAA3//wAAgAbSGxwdHlokY2xhc3NuYW1lWCRjbGFzc2VzXU5TTXV0YWJsZURhdGGjHR8gVk5TRGF0YVhOU09iamVjdNIbHCIjXE5TRGljdGlvbmFyeaIiIF8QD05TS2V5ZWRBcmNoaXZlctEmJ1Ryb290gAEACAARABoAIwAtADIANwBAAEYATQBVAGAAZwBqAGwAbgBxAHMAdQB3AIQAjgDLANAA2AJSAlQCWQJkAm0CewJ/AoYCjwKUAqECpAK2ArkCvgAAAAAAAAIBAAAAAAAAACgAAAAAAAAAAAAAAAAAAALA}}

@article{Parnas1972a,
	Author = {David L. Parnas},
	Date-Added = {2015-04-16 14:58:14 +0000},
	Date-Modified = {2015-04-16 14:58:14 +0000},
	Journal = {Comm. ACM, vol. 15, no. 2, pp. 1053-1058},
	Month = {December},
	Title = {On the Criteria To Be Used in Decomposing Systems into Modules},
	Year = {1972},
	Bdsk-File-1 = {YnBsaXN0MDDUAQIDBAUGJCVYJHZlcnNpb25YJG9iamVjdHNZJGFyY2hpdmVyVCR0b3ASAAGGoKgHCBMUFRYaIVUkbnVsbNMJCgsMDxJXTlMua2V5c1pOUy5vYmplY3RzViRjbGFzc6INDoACgAOiEBGABIAFgAdccmVsYXRpdmVQYXRoWWFsaWFzRGF0YV8QNi4uLy4uLy4uLy4uLy4uL1dvcmsvUmVzZWFyY2gvUmVmZXJlbmNlcy9QYXJuYXMxOTcyLnBkZtIXCxgZV05TLmRhdGFPEQFmAAAAAAFmAAIAAAxNYWNpbnRvc2ggSEQAAAAAAAAAAAAAAAAAAAAAAAAAQkQAAf////8OUGFybmFzMTk3Mi5wZGYAAAAAAAAAAAAAAAAAAAAAAAAAAAAAAAAAAAAAAAAAAAAAAAAAAAAAAAAAAAAAAAAA/////wAAAAAAAAAAAAAAAAAFAAQAAAogY3UAAAAAAAAAAAAAAAAAClJlZmVyZW5jZXMAAgA2LzpVc2VyczpzbWl0aHM6V29yazpSZXNlYXJjaDpSZWZlcmVuY2VzOlBhcm5hczE5NzIucGRmAA4AHgAOAFAAYQByAG4AYQBzADEAOQA3ADIALgBwAGQAZgAPABoADABNAGEAYwBpAG4AdABvAHMAaAAgAEgARAASADRVc2Vycy9zbWl0aHMvV29yay9SZXNlYXJjaC9SZWZlcmVuY2VzL1Bhcm5hczE5NzIucGRmABMAAS8AABUAAgAN//8AAIAG0hscHR5aJGNsYXNzbmFtZVgkY2xhc3Nlc11OU011dGFibGVEYXRhox0fIFZOU0RhdGFYTlNPYmplY3TSGxwiI1xOU0RpY3Rpb25hcnmiIiBfEA9OU0tleWVkQXJjaGl2ZXLRJidUcm9vdIABAAgAEQAaACMALQAyADcAQABGAE0AVQBgAGcAagBsAG4AcQBzAHUAdwCEAI4AxwDMANQCPgJAAkUCUAJZAmcCawJyAnsCgAKNApACogKlAqoAAAAAAAACAQAAAAAAAAAoAAAAAAAAAAAAAAAAAAACrA==}}

@booklet{Campidelli,
	Author = {Manuel Campidelli},
	Title = {Glass-BR Software for the design and risk assessment of glass facades subjected to blast loading.}
	}

@inproceedings{ParnasEtAl1984,
	Address = {Piscataway, NJ, USA},
	Author = {D. L. Parnas and P. C. Clements and D. M. Weiss},
	Booktitle = {ICSE '84: Proceedings of the 7th international conference on Software engineering},
	Date-Added = {2015-04-16 14:54:02 +0000},
	Date-Modified = {2015-04-16 15:01:09 +0000},
	Isbn = {0-8186-0528-6},
	Location = {Orlando, Florida, United States},
	Pages = {408--417},
	Publisher = {IEEE Press},
	Title = {The Modular Structure of Complex Systems},
	Year = {1984}}

@article{ParnasAndClements1986,
	Address = {Washington, USA},
	Author = {David L. Parnas and P.C. Clements},
	Date-Added = {2015-03-26 16:00:55 +0000},
	Date-Modified = {2015-03-26 16:00:55 +0000},
	Journal = {IEEE Transactions on Software Engineering},
	Number = {2},
	Pages = {251--257},
	Title = {A Rational Design Process: How and Why to Fake it},
	Volume = {12},
	Year = {February 1986}}

@inproceedings{SmithAndLai2005,
	Address = {Paris, France},
	Author = {W. Spencer Smith and Lei Lai},
	Booktitle = {Proceedings of the First International Workshop on Situational Requirements Engineering Processes -- Methods, Techniques and Tools to Support Situation-Specific Requirements Engineering Processes, SREP'05},
	Date-Added = {2014-10-03 23:54:42 +0000},
	Date-Modified = {2014-10-03 23:54:42 +0000},
	Editor = {J. Ralyt\'{e} and P. \.{A}gerfalk and N. Kraiem},
	Local-Url = {file://localhost/Users/smiths/Work/Research/Papers/SREP05/SREP05_ReformatAndRevise/SmithAndLai_2005.pdf},
	Organization = {In conjunction with 13th IEEE International Requirements Engineering Conference},
	Pages = {107--121},
	Title = {A New Requirements Template for Scientific Computing},
	Year = {2005},
	Bdsk-File-1 = {YnBsaXN0MDDUAQIDBAUGJCVYJHZlcnNpb25YJG9iamVjdHNZJGFyY2hpdmVyVCR0b3ASAAGGoKgHCBMUFRYaIVUkbnVsbNMJCgsMDxJXTlMua2V5c1pOUy5vYmplY3RzViRjbGFzc6INDoACgAOiEBGABIAFgAdccmVsYXRpdmVQYXRoWWFsaWFzRGF0YV8QLC4uL1JlZmVyZW5jZXNPZkludGVyZXN0L1NtaXRoQW5kTGFpXzIwMDUucGRm0hcLGBlXTlMuZGF0YU8RAdQAAAAAAdQAAgAADE1hY2ludG9zaCBIRAAAAAAAAAAAAAAAAAAAAM6Xc4NIKwAABLHl1xRTbWl0aEFuZExhaV8yMDA1LnBkZgAAAAAAAAAAAAAAAAAAAAAAAAAAAAAAAAAAAAAAAAAAAAAAAAAAAAAAAAAEseYO0Ra5NwAAAAAAAAAAAAEAAgAACSAAAAAAAAAAAAAAAAAAAAAUUmVmZXJlbmNlc09mSW50ZXJlc3QAEAAIAADOl6vDAAAAEQAIAADRFv+HAAAAAQAUBLHl1wSx5X0AEhWnAAj3ZgACZI4AAgBSTWFjaW50b3NoIEhEOlVzZXJzOgBzbWl0aHM6AFJlcG9zOgBwY206AFJlZmVyZW5jZXNPZkludGVyZXN0OgBTbWl0aEFuZExhaV8yMDA1LnBkZgAOACoAFABTAG0AaQB0AGgAQQBuAGQATABhAGkAXwAyADAAMAA1AC4AcABkAGYADwAaAAwATQBhAGMAaQBuAHQAbwBzAGgAIABIAEQAEgBAVXNlcnMvc21pdGhzL1JlcG9zL3BjbS9SZWZlcmVuY2VzT2ZJbnRlcmVzdC9TbWl0aEFuZExhaV8yMDA1LnBkZgATAAEvAAAVAAIADf//AACABtIbHB0eWiRjbGFzc25hbWVYJGNsYXNzZXNdTlNNdXRhYmxlRGF0YaMdHyBWTlNEYXRhWE5TT2JqZWN00hscIiNcTlNEaWN0aW9uYXJ5oiIgXxAPTlNLZXllZEFyY2hpdmVy0SYnVHJvb3SAAQAIABEAGgAjAC0AMgA3AEAARgBNAFUAYABnAGoAbABuAHEAcwB1AHcAhACOAL0AwgDKAqICpAKpArQCvQLLAs8C1gLfAuQC8QL0AwYDCQMOAAAAAAAAAgEAAAAAAAAAKAAAAAAAAAAAAAAAAAAAAxA=},
	Bdsk-File-2 = {YnBsaXN0MDDUAQIDBAUGJCVYJHZlcnNpb25YJG9iamVjdHNZJGFyY2hpdmVyVCR0b3ASAAGGoKgHCBMUFRYaIVUkbnVsbNMJCgsMDxJXTlMua2V5c1pOUy5vYmplY3RzViRjbGFzc6INDoACgAOiEBGABIAFgAdccmVsYXRpdmVQYXRoWWFsaWFzRGF0YV8QWC4uLy4uLy4uLy4uLy4uL1dvcmsvUmVzZWFyY2gvUGFwZXJzL1NSRVAwNS9TUkVQMDVfUmVmb3JtYXRBbmRSZXZpc2UvU21pdGhBbmRMYWlfMjAwNS5wZGbSFwsYGVdOUy5kYXRhTxEBxAAAAAABxAACAAAMTWFjaW50b3NoIEhEAAAAAAAAAAAAAAAAAAAAAAAAAEJEAAH/////FFNtaXRoQW5kTGFpXzIwMDUucGRmAAAAAAAAAAAAAAAAAAAAAAAAAAAAAAAAAAAAAAAAAAAAAAAAAAAAAAAAAP////8AAAAAAAAAAAAAAAAABQAGAAAKIGN1AAAAAAAAAAAAAAAAABhTUkVQMDVfUmVmb3JtYXRBbmRSZXZpc2UAAgBYLzpVc2VyczpzbWl0aHM6V29yazpSZXNlYXJjaDpQYXBlcnM6U1JFUDA1OlNSRVAwNV9SZWZvcm1hdEFuZFJldmlzZTpTbWl0aEFuZExhaV8yMDA1LnBkZgAOACoAFABTAG0AaQB0AGgAQQBuAGQATABhAGkAXwAyADAAMAA1AC4AcABkAGYADwAaAAwATQBhAGMAaQBuAHQAbwBzAGgAIABIAEQAEgBWVXNlcnMvc21pdGhzL1dvcmsvUmVzZWFyY2gvUGFwZXJzL1NSRVAwNS9TUkVQMDVfUmVmb3JtYXRBbmRSZXZpc2UvU21pdGhBbmRMYWlfMjAwNS5wZGYAEwABLwAAFQACAA3//wAAgAbSGxwdHlokY2xhc3NuYW1lWCRjbGFzc2VzXU5TTXV0YWJsZURhdGGjHR8gVk5TRGF0YVhOU09iamVjdNIbHCIjXE5TRGljdGlvbmFyeaIiIF8QD05TS2V5ZWRBcmNoaXZlctEmJ1Ryb290gAEACAARABoAIwAtADIANwBAAEYATQBVAGAAZwBqAGwAbgBxAHMAdQB3AIQAjgDpAO4A9gK+AsACxQLQAtkC5wLrAvIC+wMAAw0DEAMiAyUDKgAAAAAAAAIBAAAAAAAAACgAAAAAAAAAAAAAAAAAAAMs}}

@mastersthesis{Koothoor2013,
	Address = {Hamilton, Ontario, Canada},
	Author = {Nirmitha Koothoor},
	School = {McMaster University},
	Title = {A Document Drive Approach to Certifying Scientific Computing Software},
	Url = {http://hdl.handle.net/11375/	13266},
	Year = {2013},
	Bdsk-Url-1 = {http://hdl.handle.net/11375/13266}}

@inbook{RobertsonAndRobertson1999Vol,
	Address = {New York, NY, USA},
	Author = {Suzanne Robertson and James Robertson},
	Chapter = {Volere Requirements Specification Template},
	Date-Added = {2017-09-28 14:24:37 +0000},
	Date-Modified = {2017-09-28 14:24:37 +0000},
	Pages = {353--391},
	Publisher = {ACM Press/Addison-Wesley Publishing Co},
	Title = {Mastering the Requirements Process},
	Year = {1999}}

@misc{ResearchPrinciples,
	Howpublished = {\href{"http://www.mcmaster.ca/policy/faculty/Research/Research\%20Integrity\%20Policy.pdf"}{"http://www.mcmaster.ca/policy/faculty/Research/Research\%20Integrity\%20Policy.pdf"}},
	Month = {June},
	Title = {Research Integrity Policy},
	Year = {2013}}

@misc{ASTM2016,
	Author = {ASTM},
	Title = {Standard Specification for Flat Glass},
	URL = {https://doi.org/10.1520/C1036-16},
	Year = {2016}}

@misc{ASTM2012a,
	Author = {ASTM},
	Title = {Standard Specification for Heat-Strengthened and Fully Tempered Flat Glass},
	URL = {https://doi.org/10.1520/C1048-12E01},
	Year = {2012}}

@misc{ASTM2014,
	Author = {ASTM},
	Title = {Standard Specification for Laminated Architectural Flat Glass},
	URL = {https://doi.org/10.1520/C1172-14},
	Year = {2014}}

@misc{ASTM2012b,
	Author = {ASTM},
	Title = {Standard Practice for Plastics: Dynamic Mechanical Properties: Determination and Report of Procedures},
	URL = {https://doi.org/10.1520/D4065-12},
	Year = {2012}}

@misc{ASTM2015,
	Author = {ASTM},
	Title = {Standard Terminology of Building Constructions},
	URL = {https://doi.org/10.1520/E0631-15},
	Year = {2015}}

@misc{ASTM2009,
	Author = {ASTM},
	Date-Modified = {2015-11-27 21:30:30 +0000},
	Number = {E1300-09a},
	Title = {Standard Practice for Determining Load Resistance of Glass in Buildings},
	Type = {Standard},
	Year = {2009}}
	
