%% This BibTeX bibliography file was created using BibDesk.
%% http://bibdesk.sourceforge.net/


%% Created for Spencer Smith at 2015-12-04 11:36:39 -0500 


%% Saved with string encoding Unicode (UTF-8) 



@inproceedings{Parnas1978,
	Address = {Piscataway, NJ, USA},
	Author = {David L. Parnas},
	Booktitle = {ICSE '78: Proceedings of the 3rd international conference on Software engineering},
	Date-Added = {2015-04-23 14:33:48 +0000},
	Date-Modified = {2015-04-23 14:33:48 +0000},
	Isbn = {none},
	Location = {Atlanta, Georgia, United States},
	Pages = {264--277},
	Publisher = {IEEE Press},
	Title = {Designing Software for Ease of Extension and Contraction},
	Year = {1978}}

@article{WilsonEtAl2013,
	Author = {Greg Wilson and D.A. Aruliah and C. Titus Brown and Neil P. Chue Hong and Matt Davis and Richard T. Guy and Steven H.D. Haddock and Kathryn D. Huff and Ian M. Mitchell and Mark D. Plumblet and Ben Waugh and Ethan P. White and Paul Wilson},
	Bibsource = {DBLP, http://dblp.uni-trier.de},
	Date-Added = {2015-04-16 14:58:31 +0000},
	Date-Modified = {2015-04-16 14:58:31 +0000},
	Ee = {http://arxiv.org/abs/1210.0530},
	Journal = {CoRR},
	Title = {Best Practices for Scientific Computing},
	Volume = {abs/1210.0530},
	Year = {2013},
	Bdsk-File-1 = {YnBsaXN0MDDUAQIDBAUGJCVYJHZlcnNpb25YJG9iamVjdHNZJGFyY2hpdmVyVCR0b3ASAAGGoKgHCBMUFRYaIVUkbnVsbNMJCgsMDxJXTlMua2V5c1pOUy5vYmplY3RzViRjbGFzc6INDoACgAOiEBGABIAFgAdccmVsYXRpdmVQYXRoWWFsaWFzRGF0YV8QNC4uLy4uLy4uL1dvcmsvUmVzZWFyY2gvUmVmZXJlbmNlcy9XaWxzb25FdEFsMjAxMy5wZGbSFwsYGVdOUy5kYXRhTxEBtgAAAAABtgACAAAMTWFjaW50b3NoIEhEAAAAAAAAAAAAAAAAAAAAzpdzg0grAAAAFwIMEldpbHNvbkV0QWwyMDEzLnBkZgAAAAAAAAAAAAAAAAAAAAAAAAAAAAAAAAAAAAAAAAAAAAAAAAAAAAAAAAAAAALYZiPQPnKfAAAAAAAAAAAAAwAEAAAJIAAAAAAAAAAAAAAAAAAAAApSZWZlcmVuY2VzABAACAAAzperwwAAABEACAAA0D6q3wAAAAEAFAAXAgwAFwBNABb97QAI92YAAmSOAAIASk1hY2ludG9zaCBIRDpVc2VyczoAc21pdGhzOgBXb3JrOgBSZXNlYXJjaDoAUmVmZXJlbmNlczoAV2lsc29uRXRBbDIwMTMucGRmAA4AJgASAFcAaQBsAHMAbwBuAEUAdABBAGwAMgAwADEAMwAuAHAAZABmAA8AGgAMAE0AYQBjAGkAbgB0AG8AcwBoACAASABEABIAOFVzZXJzL3NtaXRocy9Xb3JrL1Jlc2VhcmNoL1JlZmVyZW5jZXMvV2lsc29uRXRBbDIwMTMucGRmABMAAS8AABUAAgAN//8AAIAG0hscHR5aJGNsYXNzbmFtZVgkY2xhc3Nlc11OU011dGFibGVEYXRhox0fIFZOU0RhdGFYTlNPYmplY3TSGxwiI1xOU0RpY3Rpb25hcnmiIiBfEA9OU0tleWVkQXJjaGl2ZXLRJidUcm9vdIABAAgAEQAaACMALQAyADcAQABGAE0AVQBgAGcAagBsAG4AcQBzAHUAdwCEAI4AxQDKANICjAKOApMCngKnArUCuQLAAskCzgLbAt4C8ALzAvgAAAAAAAACAQAAAAAAAAAoAAAAAAAAAAAAAAAAAAAC+g==}}

@article{Parnas1972a,
	Author = {David L. Parnas},
	Date-Added = {2015-04-16 14:58:14 +0000},
	Date-Modified = {2015-04-16 14:58:14 +0000},
	Journal = {Comm. ACM, vol. 15, no. 2, pp. 1053-1058},
	Month = {December},
	Title = {On the Criteria To Be Used in Decomposing Systems into Modules},
	Year = {1972},
	Bdsk-File-1 = {YnBsaXN0MDDUAQIDBAUGJCVYJHZlcnNpb25YJG9iamVjdHNZJGFyY2hpdmVyVCR0b3ASAAGGoKgHCBMUFRYaIVUkbnVsbNMJCgsMDxJXTlMua2V5c1pOUy5vYmplY3RzViRjbGFzc6INDoACgAOiEBGABIAFgAdccmVsYXRpdmVQYXRoWWFsaWFzRGF0YV8QMC4uLy4uLy4uL1dvcmsvUmVzZWFyY2gvUmVmZXJlbmNlcy9QYXJuYXMxOTcyLnBkZtIXCxgZV05TLmRhdGFPEQGmAAAAAAGmAAIAAAxNYWNpbnRvc2ggSEQAAAAAAAAAAAAAAAAAAADOl3ODSCsAAAAXAgwOUGFybmFzMTk3Mi5wZGYAAAAAAAAAAAAAAAAAAAAAAAAAAAAAAAAAAAAAAAAAAAAAAAAAAAAAAAAAAAAAAAAAA3+xs9CaVP4AAAAAAAAAAAADAAQAAAkgAAAAAAAAAAAAAAAAAAAAClJlZmVyZW5jZXMAEAAIAADOl6vDAAAAEQAIAADQmptOAAAAAQAUABcCDAAXAE0AFv3tAAj3ZgACZI4AAgBGTWFjaW50b3NoIEhEOlVzZXJzOgBzbWl0aHM6AFdvcms6AFJlc2VhcmNoOgBSZWZlcmVuY2VzOgBQYXJuYXMxOTcyLnBkZgAOAB4ADgBQAGEAcgBuAGEAcwAxADkANwAyAC4AcABkAGYADwAaAAwATQBhAGMAaQBuAHQAbwBzAGgAIABIAEQAEgA0VXNlcnMvc21pdGhzL1dvcmsvUmVzZWFyY2gvUmVmZXJlbmNlcy9QYXJuYXMxOTcyLnBkZgATAAEvAAAVAAIADf//AACABtIbHB0eWiRjbGFzc25hbWVYJGNsYXNzZXNdTlNNdXRhYmxlRGF0YaMdHyBWTlNEYXRhWE5TT2JqZWN00hscIiNcTlNEaWN0aW9uYXJ5oiIgXxAPTlNLZXllZEFyY2hpdmVy0SYnVHJvb3SAAQAIABEAGgAjAC0AMgA3AEAARgBNAFUAYABnAGoAbABuAHEAcwB1AHcAhACOAMEAxgDOAngCegJ/AooCkwKhAqUCrAK1AroCxwLKAtwC3wLkAAAAAAAAAgEAAAAAAAAAKAAAAAAAAAAAAAAAAAAAAuY=}}

@inproceedings{ParnasEtAl1984,
	Address = {Piscataway, NJ, USA},
	Author = {D. L. Parnas and P. C. Clements and D. M. Weiss},
	Booktitle = {ICSE '84: Proceedings of the 7th international conference on Software engineering},
	Date-Added = {2015-04-16 14:54:02 +0000},
	Date-Modified = {2015-04-16 15:01:09 +0000},
	Isbn = {0-8186-0528-6},
	Location = {Orlando, Florida, United States},
	Pages = {408--417},
	Publisher = {IEEE Press},
	Title = {The Modular Structure of Complex Systems},
	Year = {1984}}

@article{ParnasAndClements1986,
	Author = {David L. Parnas and P.C. Clements},
	Date-Added = {2015-03-26 16:00:55 +0000},
	Date-Modified = {2015-03-26 16:00:55 +0000},
	Journal = {IEEE Transactions on Software Engineering},
	Number = {2},
	Pages = {251--257},
	Title = {A Rational Design Process: How and Why to Fake it},
	Volume = {12},
	Year = {February 1986}}

@inproceedings{SmithAndLai2005,
	Address = {Paris, France},
	Author = {W. Spencer Smith and Lei Lai},
	Booktitle = {Proceedings of the First International Workshop on Situational Requirements Engineering Processes -- Methods, Techniques and Tools to Support Situation-Specific Requirements Engineering Processes, SREP'05},
	Date-Added = {2014-10-03 23:54:42 +0000},
	Date-Modified = {2014-10-03 23:54:42 +0000},
	Editor = {J. Ralyt\'{e} and P. \.{A}gerfalk and N. Kraiem},
	Organization = {In conjunction with 13th IEEE International Requirements Engineering Conference},
	Pages = {107--121},
	Title = {A New Requirements Template for Scientific Computing},
	Year = {2005}}

@mastersthesis{Koothoor2013,
	Address = {Hamilton, Ontario, Canada},
	Author = {Nirmitha Koothoor},
	School = {McMaster University},
	Title = {A Document Drive Approach to Certifying Scientific Computing Software},
	Year = {2013}}

@article{ZhuEtAl2005,
	Author = {D.Y. Zhu and C.F. Lee and Q.H. Qian and G.R. Chen},
	Date-Modified = {2015-12-04 16:35:58 +0000},
	Journal = {Can. Geotech. J.},
	Number = {42},
	Pages = {272--278},
	Title = {A concise algorithm for computing the factor of safety using the Morgenstern--Price method},
	Year = {19 February 2005}}

@article{FredlundKrahn,
	Author = {D.G. Fredlund and J.Krahn},
	Journal = {Can. Geotech. J.},
	Number = {14},
	Pages = {429--439},
	Title = {Comparison of slope stability methods of analysis},
	Year = {4 April 1977}}

@article{LiEtAl,
	Author = {Yu-Chao Li and Yun-Min Chen and Tony L.T Zhan and Dao-Sheng Ling and Peter John Cleall},
	Date-Modified = {2015-12-04 16:36:38 +0000},
	Journal = {Can. Geotech. J.},
	Number = {47},
	Pages = {806--820},
	Title = {An efficient approach for locating the critical slip surface in slope stability analyses using a real-coded genetic algorithm},
	Year = {25 June 2010}}

@article{StolleGuo,
	Author = {Dieter Stolle and Peijun Guo},
	Journal = {Can. Geotech. J.},
	Number = {45},
	Pages = {653--662},
	Title = {Limit equilibrum slope stability analysis using rigid finite elements},
	Year = {20 May 2008}}
